<?xml version="1.0" encoding="UTF-8"?><collection xmlns="http://www.loc.gov/MARC21/slim"><record><leader>00398nam--2200133-i-4500</leader><controlfield tag="001">000006197</controlfield><controlfield tag="002">20161230</controlfield><controlfield tag="005">20170207233611</controlfield><controlfield tag="008">060222s1000------------r-----000-0-eng-d</controlfield><datafield ind1=" " ind2=" " tag="245"><subfield code="a">Disposal of radioactive wastes into fresh water. Report of an ad-hoc panel of experts</subfield></datafield><datafield ind1=" " ind2=" " tag="260"><subfield code="a">Wienna</subfield><subfield code="b">Intern.Atomic Energy Agency</subfield><subfield code="c">1963</subfield></datafield><datafield ind1=" " ind2=" " tag="300"><subfield code="a">99 p</subfield></datafield><datafield ind1=" " ind2=" " tag="490"><subfield code="a">Safety Series</subfield></datafield><datafield ind1=" " ind2=" " tag="CAT"><subfield code="a">SYS</subfield><subfield code="c">20170207</subfield><subfield code="h">233611</subfield></datafield></record></collection>